@ARTICLE{bowman:reasoning,
	AUTHOR = "Mic Bowman and Saumya K. Debray and Larry L. Peterson",
	TITLE = "Reasoning About Naming Systems",
	JOURNAL = "ACM Trans. Program. Lang. Syst.",
	VOLUME = {15},
	NUMBER = {5},
	PAGES = {795-825},
	MONTH = "November",
	YEAR = {1993}	}

@ARTICLE{braams:babel,
	AUTHOR = "Johannes Braams",
	TITLE = "Babel, a Multilingual Style-Option System for Use with LaTeX's Standard Document Styles",
	JOURNAL = {TUGboat},
	VOLUME = {12},
	NUMBER = {2},
	PAGES = {291-301},
	MONTH = "June",
	YEAR = {1991}	}

@INPROCEEDINGS{clark:pct,
	AUTHOR = "Malcolm Clark",
	TITLE = "Post Congress Tristesse",
	BOOKTITLE = "TeX90 Conference Proceedings",
	PAGES = "84-89",
	ORGANIZATION = "TeX Users Group",
	MONTH = "March", 
	YEAR = {1991}	}

@ARTICLE{herlihy:methodology,
	AUTHOR = "Maurice Herlihy",
	TITLE = "A Methodology for Implementing Highly Concurrent
	Data Objects",
	JOURNAL = {ACM Trans. Program. Lang. Syst.},
	VOLUME = {15},
	NUMBER = {5},
	PAGES = {745-770},
	MONTH = "November",
	YEAR = {1993}	}

@BOOK{Lamport:LaTeX,
	AUTHOR = "Leslie Lamport",
	TITLE = "LaTeX User's Guide and Document Reference Manual",
	PUBLISHER = "Addison-Wesley Publishing Company",
	ADDRESS = "Reading, Massachusetts",
	YEAR = "1986"	}

@BOOK{salas:calculus,
	AUTHOR = "S.L. Salas and Einar Hille",
	TITLE = "Calculus: One and Several Variable",
	PUBLISHER = "John Wiley and Sons",
	ADDRESS = "New York",
	YEAR = "1978"	}

@TECHREPORT{Alexander2004,
  author = {Roger T. Alexander and James M. Bieman and Anneliese A. Andrews},
  title = {Towards the Systematic Testing of Aspect-Oriented Programs},
  organization = {Department of Computer Science, Colorado State University},
  year = {2004},
  number = {CS-4-105},
  address = { Fort Collins, Colorado},
  owner = {ffs},
  institution = {Department of Computer Science, Colorado State University},
  pdf = {tese_ffs/articles_toread/Alexander_2004.pdf},
  url = {http://www.cs.colostate.edu/~rta/publications/CS-04-105.pdf},
}

@BOOK{Pressman2002,
  title = {Engenharia de Software},
  publisher = {McGraw-Hill Interamericana},
  year = {2002},
  author = {Roger S. Pressman},
  isbn = {85-86804-25-8},
  owner = {ffs},
}

@BOOK{Binder1999,
  title = {Testing object-oriented systems: models, patterns, and tools},
  publisher = {Addison-Wesley Longman Publishing Co., Inc.},
  year = {1999},
  author = {Robert V. Binder},
  isbn = {0-201-80938-9},
}

@INPROCEEDINGS{McGregor1996,
  author = {J. D. McGregor},
  title = {Testing Object-Oriented Components},
  booktitle = {Proceedings of the 10th European Conference on Object-Oriented Programming},
  year = {1996},
  address = {Berlin},
  publisher = {Springer-Verlag},
  note = {Tutorial Notes},
  owner = {ffs},
}

@INPROCEEDINGS{Zhao2003,
  author = {Jianjun Zhao},
  title = {Data-flow-based unit testing of aspect-oriented programs},
  booktitle = {Proceedings of the 27th Annual International Computer Software and Applications Conference (COMPSAC 2003)},
  year = {2003},
  pages = {188--197},
  publisher = {IEEE Computer Society},
  doi = {http://ieeexplore.ieee.org/iel5/8813/27898/01245340.pdf?isnumber=27898\&prod=STD\&arnumber=1245340\&arnumber=1245340\&arSt=+188\&ared=+197\&arAuthor=Jianjun+Zhao},
  location = {Dallas, USA},
}









